<record><leader>00000cas a2200000 a 4500</leader><controlfield tag="001">9226478</controlfield><controlfield tag="008">830215d18381839mauwr ne      0    0eng c</controlfield><datafield ind1=" " ind2=" " tag="010"><subfield code="a">sn 83020011 </subfield></datafield><datafield ind1=" " ind2=" " tag="040"><subfield code="a">NPX</subfield><subfield code="b">eng</subfield><subfield code="c">NPX</subfield><subfield code="d">DLC</subfield><subfield code="d">MGN</subfield><subfield code="d">DLC</subfield><subfield code="d">OCLCQ</subfield><subfield code="d">OCLCF</subfield><subfield code="d">OCLCO</subfield></datafield><datafield ind1="1" ind2=" " tag="029"><subfield code="a">AU@</subfield><subfield code="b">000020395871</subfield></datafield><datafield ind1=" " ind2=" " tag="042"><subfield code="a">pcc</subfield></datafield><datafield ind1=" " ind2=" " tag="043"><subfield code="a">n-us-ma</subfield></datafield><datafield ind1="0" ind2="0" tag="050"><subfield code="a">Newspaper 8160-X</subfield></datafield><datafield ind1="0" ind2=" " tag="130"><subfield code="a">Morning courier (Amesbury, Mass. : 1838)</subfield></datafield><datafield ind1="1" ind2="4" tag="245"><subfield code="a">The morning courier.</subfield></datafield><datafield ind1=" " ind2=" " tag="260"><subfield code="a">Amesbury, Mass. :</subfield><subfield code="b">John Caldwell</subfield></datafield><datafield ind1=" " ind2=" " tag="300"><subfield code="a">v.</subfield></datafield><datafield ind1=" " ind2=" " tag="310"><subfield code="a">Weekly,</subfield><subfield code="b">Apr. 5-Aug. 2, 1839</subfield></datafield><datafield ind1=" " ind2=" " tag="321"><subfield code="a">Weekly,</subfield><subfield code="b">July 27-Oct. 5, 1838</subfield></datafield><datafield ind1=" " ind2=" " tag="321"><subfield code="a">Semiweekly,</subfield><subfield code="b">Oct. 9, 1838-Mar. 26, 1839</subfield></datafield><datafield ind1="0" ind2=" " tag="362"><subfield code="a">Vol. 4, no. 1 (July 27, 1838)-v. 5, no. 17 (Aug. 2, 1839).</subfield></datafield><datafield ind1=" " ind2=" " tag="500"><subfield code="a">Published simultaneously in Salisbury Mills, Mass.</subfield></datafield><datafield ind1=" " ind2="0" tag="651"><subfield code="a">Amesbury (Mass.)</subfield><subfield code="v">Newspapers.</subfield></datafield><datafield ind1=" " ind2="7" tag="655"><subfield code="a">Newspapers.</subfield><subfield code="2">fast</subfield><subfield code="0">(OCoLC)fst01423814</subfield></datafield><datafield ind1=" " ind2="7" tag="651"><subfield code="a">Massachusetts</subfield><subfield code="z">Amesbury.</subfield><subfield code="2">fast</subfield><subfield code="0">(OCoLC)fst01218964</subfield></datafield><datafield ind1=" " ind2=" " tag="752"><subfield code="a">United States</subfield><subfield code="b">Massachusetts</subfield><subfield code="c">Essex</subfield><subfield code="d">Amesbury.</subfield></datafield><datafield ind1="0" ind2="7" tag="780"><subfield code="t">News and courier (Amesbury, Mass.)</subfield><subfield code="w">(DLC)sn 83020010</subfield></datafield><datafield ind1="0" ind2="0" tag="785"><subfield code="t">Transcript (Amesbury, Mass.)</subfield><subfield code="w">(DLC)sn 83020012</subfield></datafield></record>